11111111111111111111111111111111111111111111111111
10000000000000000000000000000000000000000000000001
10000000000000000000000000000000000000000000000001
10000000000000000000000000000000000000000000000001
10000000000000000000000000000000000000000000000001
10000000000000000000000000000000000000000000000001
10000000000000000000000000000000000000000000000001
10000000000000000000000000000000000000000000000001
10000000000000000000000000000000000000000000000001
10000001111111100000000000000000000000000000000001
10000001000000000000000000000000000000000000000001
10000001000000000000000000000000000000000000000001
10000001000000000000000000000000000000000000000001
10000001000000000000000000000000000000000000000001
10000001000000000000000000000000000000000000000001
10000001000000000000000000000000000000000000000001
10000001000000000000000000000000000000000000000001
10000001000000000000000000000000000000000000000001
10000001000000000000000000000000000000000000000001
10000001000000000000000000000000000000000000000001
10000001000000000000000000000000000000000000000001
10000001000000000000000000000000000000000000000001
10000001000000000000000000000000000000000000000001
10000001000000000000000000000000000000000000000001
10000001000000000000000000000000000000000000000001
10000001000000000000000000000000000000000000111111
10000001000000000000000000000000000000000000000001
10000001000000000000000000000000000000000000000001
10000000000000000000000000000000000000000000000001
10000000000000000000000000000000000000000000000001
10000000000000000000000000000000000000000000000001
10000000000000000000000000000000000000000000000001
11111111111111111111111111111111111111111111100001
10000000000000000000000000000000000000000000000001
10000000000000000000000000000000000000000000000001
10000000000000000000000000000000000000000000000001
10000000000000000000000000000000000000100000000001
10000000000000000000000000000000000000110000000001
10000000000000000000000000000000000000000000011111
10000000000000000000000000000000000000000000000001
10000000000000000000000000000000111000000000000001
10000000000000000100011000011000000000000000000001
10000000100011000100011000000000000000000000000001
22222222222222222222222222222222222222222222222222
33333333333333333333333333333333333333333333333333
33333333333333333333333333333333333333333333333333
33333333333333333333333333333333333333333333333333
33333333333333333333333333333333333333333333333333
33333333333333333333333333333333333333333333333333
33333333333333333333333333333333333333333333333333
